@inproceedings{confDaoudiDKK15,
    author    = {El Mostafa Daoudi and
        Abdelmajid Dargham and
            Aicha Kerfali and
            Mohammed Khatiri},
    title     = {Reducing the inter processor migrations of the {DP-WRAP} scheduling},
    booktitle = {12th {IEEE/ACS} International Conference of Computer Systems and Applications,
        {AICCSA} 2015, November 17-20},
    pages     = {1--6, Marrakech, Morocco},
    year      = {2015},
    url       = {http://dx.doi.org/10.1109/AICCSA.2015.7507227},
    doi       = {10.1109/AICCSA.2015.7507227},
    timestamp = {Tue, 19 Jul 2016 11:15:52 +0200},
    biburl    = {http://dblp.uni-trier.de/rec/bib/conf/aiccsa/DaoudiDKK15},
    bibsource = {dblp computer science bibliography, http://dblp.org}
}

@inproceedings{Nicolas:khatiri:Denis:Fred:2018,
	title = {A new analysis of Work Stealing with latency},
	author = {Nicolas Gast
                and Mohammed Khatiri and
                Denis Trystram and 
		        Frederic Wagner},
    booktitle = {31th Conference of the European Chapter on Combinatorial Optimization}, 
    year      = {2018 Fribourg, Switzerland },
    timestamp = {June, 14th 2018}
}
