@inproceedings{HastingsE2015Comparing,
	author = {Hastings, Emily and Rincon-Cruz, David and Spehlmann, Marc and Meyers, Sofia and Xu, Anda and Bunde, David P. and Leung, Vitus J.},
	booktitle = {2015 IEEE International Conference on Cluster Computing},
	title = {Comparing Global Link Arrangements for Dragonfly Networks},
	year = {2015},
	pages = {361-370},
	doi = {10.1109/CLUSTER.2015.57},
	month = sep,
}

@inproceedings{TuncerO2015PaC,
	address = {{New York, NY, USA}},
	booktitle = {{Proceedings of the 29th ACM on International Conference on Supercomputing}},
	publisher = {{ACM}},
	series = {{ICS ’15}},
	author = {Tuncer, Ozan and Leung, Vitus J. and Coskun, Ayse K.},
	title = {{PaCMap: Topology Mapping of Unstructured Communication Patterns Onto Non-contiguous Allocations}},
	pages = {37-46},
	year = {2015},
	doi = {10.1145/2751205.2751225},
	tags = "topology, TO_READ"
}

@inproceedings{BestaM2014Slim,
	address = {{Piscataway, NJ, USA}},
	booktitle = {{Proceedings of the International Conference for High Performance Computing, Networking, Storage and Analysis}},
	publisher = {{IEEE Press}},
	series = {{SC ’14}},
	author = {Besta, Maciej and Hoefler, Torsten},
	title = {{Slim Fly: A Cost Effective Low-diameter Network Topology}},
	pages = {348-359},
	year = {2014},
	doi = {10.1109/SC.2014.34},
}

@article{EnosJ2014Topology,
	author = {Enos, Jeremy and Bauer, Gregory H. and Brunner, Robert and Islam, Sharif and M. Steed and D. Jackson and R. Fiedler},
	title = {{Topology-Aware Job Scheduling Strategies for Torus Networks}},
	journal = {{Cray User Group}},
	year = {2014},
}
