@inproceedings{BleuseR2014Scheduling,
	author = {Bleuse, Rapha{\"e}l and Gautier, Thierry and Lima, Jo{\~a}o V. F. and Mouni{\'e}, Gr{\'e}gory and Trystram, Denis},
	title = {{Scheduling Data Flow Program in XKaapi: A New Affinity Based Algorithm for Heterogeneous Architectures}},
	booktitle = {{Euro-Par 2014 Parallel Processing}},
	year = {2014},
	chapter = {{Lecture Notes in Computer Science}},
	editor = {Silva, Fernando and Dutra, Inês and Santos Costa, Vítor},
	isbn = {{978-3-319-09872-2}},
	keywords = {heterogeneous architectures; scheduling; cost models; dual approximation scheme; programming tools; affinity},
	language = {{English}},
	publisher = {{Springer International Publishing}},
	url = {{http://dx.doi.org/10.1007/978-3-319-09873-9_47}},
	volume = {8632},
	month = aug,
	pages = {560-571},
	doi = {10.1007/978-3-319-09873-9_47},
}

@article{BleuseR2015Scheduling,
	author = {Bleuse, Raphaël and Kedad-Sidhoum, Safia and Monna, Florence and Mounié, Grégory and Trystram, Denis},
	title = {{Scheduling Independent Tasks on Multi-Cores with GPU Accelerators}},
	journal = {{Concurrency and Computation: Practice and Experience}},
	year = {2015},
	issn = {{1532-0634}},
	keywords = {{scheduling, approximation algorithms, parallel heterogeneous systems}},
	publisher = {{John Wiley \& Sons, Ltd}},
	volume = {27},
	number = {6},
	pages = {1625-1638},
	doi = {10.1002/cpe.3359},
}

@article{BleuseR2016Scheduling,
	author = {Bleuse, Raphaël and Hunold, Sascha and Kedad-Sidhoum, Safia and Monna, Florence and Mounié, Grégory and Trystram, Denis},
	title = {{Scheduling Independent Moldable Tasks on Multi-Cores with GPUs}},
	journal = {{Manuscript submitted for publication}},
	year = {2016},
}

@misc{BleuseR2016Convex,
	author = {Bleuse, Raphaël and Lucarelli, Giorgio and Trystram, Denis},
	title = {{C}onvex {A}llocations under {IO} {C}onstraints},
	year = {2016},
	month = mar,
	note = {Presented at \emph{New Challenges in Scheduling Theory}, Aussois}
}

@misc{BleuseR2014Affinity,
	author = {Bleuse, Raphaël},
	title = {{A}ffinity {S}cheduling: from {Q}uantitative to {Q}ualitative},
	year = {2014},
	month = nov,
	note = {Presented at the \emph{2nd JLESC Workshop}, Chicago}
}
